@Manual{R,
  title = {{R: A Language and Environment for Statistical Computing}},
  author = {{R Core Team}},
  organization = {R Foundation for Statistical Computing},
  address = {Vienna, Austria},
  year = {2020},
  url = {https://www.R-project.org},
}

@Manual{Rextensions,
  title = {{Writing R Extensions}},
  author = {{R Core Team}},
  organization = {R Foundation for Statistical Computing},
  address = {Vienna, Austria},
  year = {1999-2021},
  note = {{ISBN} 3-900051-04-6},
  url = {https://cran.r-project.org/doc/manuals/r-release/R-exts.pdf},
}

@article{ihaka:1996,
  Author = {Ihaka, Ross and Gentleman, Robert},
  Journal = {Journal of Computational and Graphical Statistics},
  Number = 3,
  Pages = {299--314},
  Title = {R: A Language for Data Analysis and Graphics},
  Volume = 5,
  Year = 1996,
  url = {https://doi.org/10.2307/1390807},
}

@Manual{Rcpp,
  title = {{Rcpp: Seamless R and C++ Integration}},
  author = {Dirk Eddelbuettel and Romain Francois and JJ Allaire and Kevin Ushey and Qiang Kou and Nathan Russell and Douglas Bates and John Chambers},
  year = {2020},
  note = {R package version 1.0.4.6},
  url = {https://CRAN.R-project.org/package=Rcpp},
}

@article{RcppIntro,
  title = {{Extending R with C++: A Brief Introduction to Rcpp}},
  author = {Dirk Eddelbuettel and James Joseph Balamuta},
  Journal = {The American Statistician},
  year = {2018},
  Issue = 1,
  Pages = {28--36},
  Volume = 72,
  url = {https://doi.org/10.1080/00031305.2017.1375990},
}

@Manual{RcppEigen,
  title = {{RcppEigen: Rcpp Integration for the Eigen templated Linear Algebra Library}},
  author = {Douglas Bates and Dirk Eddelbuettel and Romain Francois and Yixuan Qiu; the authors of Eigen for the included version of Eigen},
  year = {2019},
  note = {R package version 0.3.3.7.0},
  url = {https://CRAN.R-project.org/package=RcppEigen},
}

@Manual{TMB,
  title = {{TMB: Template Model Builder: A general random effect tool inspired by ADMB}},
  author = {Kasper Kristensen},
  year = {2020},
  note = {R package version 1.7.16},
  url = {https://CRAN.R-project.org/package=TMB},
}

@Online{DebuggingC_Cpp,
  title = {{Debugging C/C++ code}},
  year = {2014},
  author = {Bioconductor},
  url = {https://bioconductor.org/developers/how-to/c-debugging},
}

@Online{DebuggingRandCcodeinR,
  title = {{Debugging R and C code in R}},
  year = {2020},
  author = {Simon N Wood},
  organization = {School of Mathematics, University of Edinburgh},
  url = {https://www.maths.ed.ac.uk/~swood34/RCdebug/RCdebug.html},
}

@Online{CodeLLDB-manual,
  title = {{CodeLLDB user's manual}},
  year = {2021}, 
  author = {Vadim Chugunov},
  url = {https://github.com/vadimcn/vscode-lldb/blob/v1.6.3/MANUAL.md},
}

@Online{CodeLLDB,
  title = {{CodeLLDB: Native debugger based on LLDB}},
  year = {2021}, 
  author = {Vadim Chugunov},
  organization = {VisualStudio Marketplace, Microsoft},
  url = {https://marketplace.visualstudio.com/items?itemName=vadimcn.vscode-lldb},
}

@Online{VSCodeTipsTricks,
  title = {{Visual Studio Code tips and tricks}},
  year = {2021}, 
  author = {Microsoft},
  organization = {Microsoft},
  url = {https://code.visualstudio.com/docs/getstarted/tips-and-tricks},
}

@Online{VSCodeDownload,
  title = {{Download Visual Studio Code}},
  year = {2021}, 
  author = {Microsoft},
  organization = {Microsoft},
  url = {https://code.visualstudio.com/Download},
}

@Online{VSCodeCCpp,
  title = {{C/C++ for Visual Studio Code guide}},
  year = {2021}, 
  author = {Microsoft},
  organization = {Microsoft},
  url = {https://code.visualstudio.com/docs/languages/cpp},
}

@Online{VSCodeCCppExt,
  title = {{C/C++ for Visual Studio Code extension}},
  year = {2021}, 
  author = {Microsoft},
  organization = {Microsoft},
  url = {https://marketplace.visualstudio.com/items?itemName=ms-vscode.cpptools},
}

@Online{GDB,
  title = {{Debugging with GDB: The GNU source-level debugger}},
  year = {2021}, 
  author = {Richard Stallman and Roland H. Pesch and Stan Shebs},
  publisher = {Free Software Foundation},
  url = {https://sourceware.org/gdb/current/onlinedocs/gdb.pdf},
}

@Article{ModernDebugging,
  title = {{Modern debugging: The art of finding a needle in a haystack}},
  year = {2018}, 
  author = {Diomidis Spinellis},
  journal = {Communications of the ACM},
  volume = {61},
  number = {11},
  pages = {124--134},
  publisher = {Free Association for Computing Machinery},
  url = {https://dl.acm.org/doi/10.1145/3186278},
}

@Article{DDD,
  title = {{DDD - A free graphical front-end for UNIX debuggers}},
  year = {1996}, 
  author = {Andreas Zeller and Dorothea Lütkenhaus},
  journal = {ACM SIGPLAN Notices},
  volume = {31},
  number = {1},
  pages = {22--27},
  publisher = {Free Association for Computing Machinery},
  url = {https://doi.org/10.1145/249094.249108},
}

@Online{ImprovingCppDebug,
  title = {{Improving the C++ debugging experience on Linux and other OSes}},
  year = {2020}, 
  author = {{OpenSim Ltd}},
  organization = {{OpenSim Ltd}},
  url = {https://docs.omnetpp.org/articles/omnetpp-debugging-tips},
}

@Online{UsingRtools,
  title = {{Using Rtools40 on Windows}},
  year = {2020}, 
  author = {Jeroen Ooms and Prof. Brian Ripley and Duncan Murdoch},
  organization = {R Foundation for Statistical Computing},
  url = {https://cran.r-project.org/bin/windows/Rtools},
}

@Article{RcppEigenLA,
  title = {{Fast and elegant numerical linear algebra using the RcppEigen package}},
  year = {2013}, 
  author = {Douglas Bates and Dirk Eddelbuettel},
  journal = {Journal of Statistical Software},
  volume = {52},
  issue = {5},
  publisher = {Foundation for Open Access Statistics},
  url = {http://dx.doi.org/10.18637/jss.v052.i05},
}

@Article{TMBlaplace,
  title = {{TMB: Automatic differentiation and laplace approximation}},
  year = {2016}, 
  author = {Kasper Kristensen and Anders Nielsen and Casper W. Berg and Hans Skaug and Brad Bell},
  journal = {Journal of Statistical Software},
  volume = {70},
  issue = {5},
  pages = {1-21},
  publisher = {Foundation for Open Access Statistics},
  url = {http://dx.doi.org/10.18637/jss.v070.i05},
}

@Online{DotC,
  title = {{An introduction to the .C interface to R}},
  year = {2002}, 
  author = {Roger D. Peng and Jan de Leeuw},
  organization = {UCLA Department of Statistics},
  url = {https://www.biostat.jhsph.edu/~rpeng/docs/interface.pdf},
}

@Online{DotC2,
  title = {{An introduction to the interface between C and R}},
  year = {2007}, 
  author = {Arpit Chaudhary},
  organization = {Indian Institute of Technology-Delhi, Department of Mathematics, New Delhi},
  url = {https://infoscience.epfl.ch/record/112204},
}

@Online{deSolve,
  title = {{R package deSolve, writing code in compiled languages}},
  year = {2010}, 
  author = {Karline Soetaert and Thomas Petzoldt and R. Woodrow Setzer},
  url = {https://cran.microsoft.com/web/packages/deSolve/vignettes/compiledCode.pdf},
}

@Article{Routines,
  title = {{In search of C/C++ and FORTRAN routines}},
  year = {2001}, 
  author = {Duncan Temple Lang},
  journal = {R News},
  volume = {1},
  number = {3},
  pages = {20-23},
  publisher = {R Foundation for Statistical Computing},
  url = {https://www.r-project.org/doc/Rnews/Rnews_2001-3.pdf},
}

@Online{GnuMake,
  title = {{GNU Make: A program for directing recompilation}},
  author = {Richard M. Stallman and Roland McGrath and Paul D. Smith},
  organization = {Free Software Foundation},
  year = {2020},
  url = {https://www.gnu.org/software/make/manual/make.pdf},
}

@Online{LLDB,
  title = {{The LLDB debugger}},
  author = {{The LLDB Team}},
  year = {2021},
  url = {https://lldb.llvm.org},
}

@Online{LLVM,
  title = {{The LLVM compiler infrastructure}},
  author = {{The LLVM-admin Team}},
  year = {2021},
  url = {https://llvm.org},
}

@Online{gcc,
  title = {{GCC, the GNU compiler collection}},
  author = {{Free Software Foundation}},
  year = {2021},
  url = {https://gcc.gnu.org},
}

@Online{Xcode,
  title = {{Xcode: Build, test, and submit your app with Apple’s integrated development environment}},
  author = {{ Apple Inc.}},
  year = {2021},
  url = {https://developer.apple.com/documentation/xcode},
}

@Online{SHLIB,
  title = {{SHLIB: Build Shared Object/DLL for Dynamic Loading}},
  author = {{R Core Team}},
  year = {2021},
  url = {https://www.rdocumentation.org/packages/utils/versions/3.6.2/topics/SHLIB},
}

@Online{debug-visualize-ext,
  title = {{Debug Visualizer}},
  year = {2021}, 
  author = {Henning Dieterichs},
  organization = {VisualStudio Marketplace, Microsoft},
  url = {https://marketplace.visualstudio.com/items?itemName=hediet.debug-visualizer},
}

@Online{debug-visualize,
  title = {{Debug Visualizer}},
  year = {2021}, 
  author = {Henning Dieterichs},
  url = {https://github.com/hediet/vscode-debug-visualizer},
}

@Online{valgrind,
  title = {{Valgrind's Tool Suite}},
  year = {2021}, 
  author = {Valgrind Developers},
  url = {https://valgrind.org/info/tools.html},
}

@Online{VCusers,
  title = {{Visual Studio Code at Connect(); 2017}},
  year = {2017}, 
  author = {Sean McBreen},
  url = {https://code.visualstudio.com/blogs/2017/11/16/connect},
}

@Online{JSON,
  title = {Introducing JSON},
  year = {2021}, 
  author = {Douglas Crockford},
  url = {https://www.json.org/json-en.html},
}

@article{WangG,
  author = {Guiming Wang},
  Journal = {Ecological Modelling},
  year = {2007},
  Pages = {521--528},
  Title = {On the Latent State Estimation of Nonlinear Population Dynamics using Bayesian and non-Bayesian State-Space Models},
  Volume = 200,
  Issue = {{3-4}},
  url = {https://doi.org/10.1016/j.ecolmodel.2006.09.004},
}

@article{PedersenEtAl,
  author = {M.W.Pedersen and C.W.Berg and U.H.Thygesen and A.Nielsen and H.Madsena},
  Journal = {Ecological Modelling},
  year = {2011},
  Pages = {1394--1400},
  Title = {Estimation Methods for Nonlinear State-Space Models in Ecology},
  Volume = 222,
  Issue = 8,
  url = {https://doi.org/10.1016/j.ecolmodel.2006.09.004},
}
